<?xml version="1.0" encoding="UTF-8"?><collection xmlns="http://www.loc.gov/MARC21/slim"><record><leader>00629nam--2200193-i-4500</leader><controlfield tag="001">000009418</controlfield><controlfield tag="002">20161230</controlfield><controlfield tag="005">20161230201028</controlfield><controlfield tag="008">060222s1000------------r-----000-0-eng-d</controlfield><datafield ind1=" " ind2=" " tag="040"><subfield code="a">IFIN-HH</subfield></datafield><datafield ind1=" " ind2=" " tag="080"><subfield code="a">539.165.4(047.3)</subfield></datafield><datafield ind1="1" ind2=" " tag="100"><subfield code="a">Ber©♭nyi, D©♭nes</subfield></datafield><datafield ind1="1" ind2="0" tag="245"><subfield code="a">Proceedings of the conference on the electron capture and high order processes in nuclear decays</subfield><subfield code="b">Debrecen, hungary, july 15-18, 1968</subfield><subfield code="c">D. berenyi (ed.)</subfield></datafield><datafield ind1=" " ind2=" " tag="260"><subfield code="a">Budapest</subfield><subfield code="b">Eotvos Lorand Physical Society</subfield><subfield code="c">1968</subfield></datafield><datafield ind1=" " ind2=" " tag="300"><subfield code="a">3 VOLUME</subfield></datafield><datafield ind1=" " ind2=" " tag="490"><subfield code="a">Proceedings</subfield></datafield><datafield ind1="1" ind2=" " tag="787"><subfield code="a">Volume 3</subfield><subfield code="h">/269/-495 P</subfield></datafield><datafield ind1=" " ind2=" " tag="852"><subfield code="a">33593</subfield><subfield code="c">539.16</subfield></datafield><datafield ind1=" " ind2=" " tag="CAT"><subfield code="a">Sys</subfield><subfield code="c">20120515</subfield><subfield code="h">094624</subfield></datafield></record></collection>